<record><leader>00000cas a22000007a 4500</leader><controlfield tag="001">11109204</controlfield><controlfield tag="008">840831d18541855nyuwr ne      0    0eng d</controlfield><datafield ind1=" " ind2=" " tag="010"><subfield code="a">sn 84024330 </subfield></datafield><datafield ind1=" " ind2=" " tag="040"><subfield code="a">NPV</subfield><subfield code="b">eng</subfield><subfield code="c">NPV</subfield><subfield code="d">OCLCQ</subfield></datafield><datafield ind1=" " ind2=" " tag="042"><subfield code="a">msc</subfield></datafield><datafield ind1=" " ind2=" " tag="043"><subfield code="a">n-us-ny</subfield></datafield><datafield ind1="0" ind2=" " tag="130"><subfield code="a">Meridian sun (Meridian, N.Y. : 1854)</subfield></datafield><datafield ind1="1" ind2="0" tag="245"><subfield code="a">Meridian sun.</subfield></datafield><datafield ind1=" " ind2=" " tag="260"><subfield code="a">Meridian, Cayuga Co., N.Y. :</subfield><subfield code="b">A. White</subfield></datafield><datafield ind1=" " ind2=" " tag="300"><subfield code="a">v. ;</subfield><subfield code="c">62 cm.</subfield></datafield><datafield ind1="1" ind2=" " tag="362"><subfield code="a">Began in June, 1854; ceased in 1855.</subfield><subfield code="z">Cf. Faibisoff &amp; Tripp. Biblio. of newspapers in fourteen N.Y. counties.</subfield></datafield><datafield ind1=" " ind2=" " tag="500"><subfield code="a">"A weekly journal of literature, art, and news."</subfield></datafield><datafield ind1=" " ind2=" " tag="588"><subfield code="a">Description based on: Vol. 1, no, 24 (Feb. 16, 1855).</subfield></datafield><datafield ind1=" " ind2=" " tag="752"><subfield code="a">United States</subfield><subfield code="b">New York</subfield><subfield code="c">Cayuga</subfield><subfield code="d">Meridian.</subfield></datafield></record>